@Article{Jha2023,
  author    = {Jha, Sneha and Zhang, Yaguang and Park, Bongsuk and Cho, Seonghwan and Krogmeier, James V and Bagchi, Tandra and Haddock, John E},
  journal   = {Transportation Research Record},
  title     = {Data-Driven Web-Based Patching Management Tool Using Multi-Sensor Pavement Structure Measurements},
  year      = {2023},
  number    = {12},
  pages     = {83--98},
  volume    = {2677},
  publisher = {SAGE Publications Sage CA: Los Angeles, CA},
}

@InCollection{Jha2020,
  author    = {Jha, Sneha and Krogmeier, James V and Buckmaster, Dennis R and Balmos, Andrew David and others},
  booktitle = {Case Studies and Modules for Data Science Instruction},
  publisher = {American Society of Agricultural and Biological Engineers},
  title     = {Python Programming in Digital Agriculture},
  year      = {2020},
  pages     = {7--24},
}

@Comment{jabref-meta: databaseType:bibtex;}
